@misc{vincent_bouchard_math215_nodate,
	title = {{MATH215} - {Calculus} {IV}},
	url = {https://sites.ualberta.ca/~vbouchar/MATH215/},
	abstract = {Várias coisas de k-formas e k-formas diferenciais.},
	urldate = {2024-04-15},
	author = {{Vincent Bouchard}},
	file = {Front Matter:C\:\\Users\\zmath\\Zotero\\storage\\AU78XLWT\\front.html:text/html},
}

@book{bachman_geometric_2012,
	address = {Boston},
	title = {A {Geometric} {Approach} to {Differential} {Forms}},
	copyright = {https://www.springernature.com/gp/researchers/text-and-data-mining},
	isbn = {978-0-8176-8303-0 978-0-8176-8304-7},
	url = {https://link.springer.com/10.1007/978-0-8176-8304-7},
	language = {en},
	urldate = {2024-04-15},
	publisher = {Birkhäuser},
	author = {Bachman, David},
	year = {2012},
	doi = {10.1007/978-0-8176-8304-7},
	keywords = {differential forms, Maxwell's equations, nonlinear forms, parameterized curves, Stokes' Theorem, vector calculus},
	file = {Full Text PDF:C\:\\Users\\zmath\\Zotero\\storage\\7VQDC9BH\\Bachman - 2012 - A Geometric Approach to Differential Forms.pdf:application/pdf},
}

@incollection{budd_geometric_2003,
	address = {Amsterdam},
	series = {Handb. {Numer}. {Anal}., {XI}},
	title = {Geometric integration and its applications},
	booktitle = {Handbook of numerical analysis, {Vol}.{\textbackslash} {XI}},
	publisher = {North-Holland Publishing Co.},
	author = {Budd, C J and Piggott, M D},
	year = {2003},
	pages = {35--139},
	file = {Budd e Piggott - 2003 - Geometric integration and its applications.pdf:C\:\\Users\\zmath\\Zotero\\storage\\3CPRKAZI\\Budd e Piggott - 2003 - Geometric integration and its applications.pdf:application/pdf},
}

@book{sanz-serna_numerical_2018,
	title = {Numerical {Hamiltonian} {Problems}},
	isbn = {978-0-486-82410-9},
	abstract = {This advanced text explores a category of mathematical problems that occur frequently in physics and other sciences. Five preliminary chapters make the book accessible to students without extensive background in this area. Topics include Hamiltonian systems, symplecticness, numerical methods, order conditions, and implementation.The heart of the book, chapters 6 through 10, explores symplectic integration, symplectic order conditions, available symplectic methods, numerical experiments, and properties of symplectic integrators. The final four chapters contain more advanced material: generating functions, Lie formalism, high-order methods, and extensions. Many numerical examples appear throughout the text.},
	language = {en},
	publisher = {Courier Dover Publications},
	author = {Sanz-Serna, J. M. and Calvo, M. P.},
	month = jun,
	year = {2018},
	note = {Google-Books-ID: yIVYDwAAQBAJ},
	keywords = {Mathematics / Applied, Mathematics / Differential Equations / General, Mathematics / Numerical Analysis},
}

@book{deriglazov_formalismo_2009,
	title = {Formalismo hamiltoniano e transformações canônicas em mecânica clássica},
	isbn = {978-85-7861-024-1},
	abstract = {O formalismo hamiltoniano da mecânica clássica serve como pano de fundo para a teoria quântica e também para várias áreas da física-matemática. Este livro cobre os tópicos ligados com a formulação hamiltoniana de mecância clássica, ao nível de graduação, mas com abordagem e nível de rigor para torná-lo útil também para alunos de pós-graduação. Sumário: 1- Formalismo Hamiltoniano 2- Transformações canônicas no espaço de fase bidimensional 3- Propriedades das transformações canônicas 4- Invariantes Integrais 5- Geometrização Formal da Mecânica 6- Transformações, mudança de variáveis, simetrias e teorema de Noether},
	language = {pt-BR},
	publisher = {Editora Livraria da Fisica},
	author = {Deriglazov, A. A. and Filgueiras, J. G.},
	year = {2009},
	note = {Google-Books-ID: XdBzVMFIDzMC},
	keywords = {Science / System Theory},
}

@book{arnold_mathematical_1989,
	address = {New York, NY},
	series = {Graduate {Texts} in {Mathematics}},
	title = {Mathematical {Methods} of {Classical} {Mechanics}},
	volume = {60},
	copyright = {http://www.springer.com/tdm},
	isbn = {978-1-4419-3087-3 978-1-4757-2063-1},
	url = {http://link.springer.com/10.1007/978-1-4757-2063-1},
	urldate = {2024-04-15},
	publisher = {Springer},
	author = {Arnold, V. I.},
	year = {1989},
	doi = {10.1007/978-1-4757-2063-1},
	keywords = {classical mechanics, differential equation, Lagrangian mechanics, Mathematische Physik, Mechanik, Rigid body, Vector field},
	file = {Full Text PDF:C\:\\Users\\zmath\\Zotero\\storage\\KTXJG2SG\\Arnold - 1989 - Mathematical Methods of Classical Mechanics.pdf:application/pdf},
}

@book{ernst_heirer_geometric_2006,
	address = {Berlin/Heidelberg},
	edition = {2},
	series = {Springer {Series} in {Computational} {Mathematics}},
	title = {Geometric {Numerical} {Integration}},
	volume = {31},
	copyright = {http://www.springer.com/tdm},
	isbn = {978-3-540-30663-4},
	url = {http://link.springer.com/10.1007/3-540-30666-8},
	language = {en},
	urldate = {2024-04-15},
	publisher = {Springer-Verlag},
	author = {{Ernst Heirer} and {Gerhard Wanner} and {Christian Lubich}},
	year = {2006},
	doi = {10.1007/3-540-30666-8},
}

@book{volchan_uma_2021,
	address = {Rio de Janeiro, RJ},
	series = {Colóquios {Brasileiros} de {Matemática}},
	title = {Uma {Introdução} à {Mecânica} {Celeste}},
	isbn = {978-85-244-0264-7},
	language = {pt},
	publisher = {Associação Instituto Nacional de Matemática Pura e Aplicada},
	author = {Volchan, Sérgio B.},
	month = sep,
	year = {2021},
}

@article{barbour_identification_2014,
	title = {Identification of a {Gravitational} {Arrow} of {Time}},
	volume = {113},
	copyright = {http://link.aps.org/licenses/aps-default-license},
	issn = {0031-9007, 1079-7114},
	url = {https://link.aps.org/doi/10.1103/PhysRevLett.113.181101},
	doi = {10.1103/PhysRevLett.113.181101},
	language = {en},
	number = {18},
	urldate = {2024-04-15},
	journal = {Physical Review Letters},
	author = {Barbour, Julian and Koslowski, Tim and Mercati, Flavio},
	month = oct,
	year = {2014},
	pages = {181101},
}

@book{bertsekas_nonlinear_1999,
	address = {Belmont, Mass},
	edition = {2ª edição},
	title = {Nonlinear {Programming}},
	isbn = {978-1-886529-00-7},
	abstract = {This is a substantially expanded (by 130 pages) and improved edition of the best-selling nonlinear programming book by Bertsekas. The treatment focuses on iterative algorithms for constrained and unconstrained optimization, Lagrange multipliers and duality, large scale problems, and on the interface between continuous and discrete optimization. Among its special features, the book: (a) provides extensive coverage of iterative optimization methods within a unifying framework (b) provides a detailed treatment of {\textbackslash}emp\{interior point\} methods for linear programming (c) covers in depth duality theory from both a variational and a geometric/convex analysis point of view (d) includes much new material on a number of topics, such as neural network training, discrete-time optimal control, and large-scale optimization (e) includes a large number of examples and exercises A new internet-based feature was added to the book, which significantly extends its scope and coverage. Many of the theoretical exercises, quite a few of them new, have been solved in detail and their solutions have been posted on the book's www page Highlights of the revision: (a) A section on a simple but far-reaching treatment of Fritz John necessary conditions and constraint qualifications, and also includes semi-infinite programming. (b) A section on the use of duality and Lagrangian relaxation for solving discrete optimization problems. (c) A section on approximate and incremental subgradient methods.},
	language = {Inglês},
	publisher = {Athena Scientific},
	author = {Bertsekas, Dimitri P.},
	month = sep,
	year = {1999},
}

@article{kotovych_exactly_2002,
	title = {An exactly conservative integrator for the n-body problem},
	volume = {35},
	issn = {0305-4470},
	url = {https://dx.doi.org/10.1088/0305-4470/35/37/301},
	doi = {10.1088/0305-4470/35/37/301},
	abstract = {The two-dimensional n-body problem of classical mechanics is a non-integrable Hamiltonian system for n {\textgreater} 2. Traditional numerical integration algorithms, which are polynomials in the time step, typically lead to systematic drifts in the computed value of the total energy and angular momentum. Even symplectic integration schemes exactly conserve only an approximate Hamiltonian. We present an algorithm that conserves the true Hamiltonian and the total angular momentum to machine precision. It is derived by applying conventional discretizations in a new space obtained by transformation of the dependent variables. We develop the method first for the restricted circular three-body problem, then for the general two-dimensional three-body problem and finally for the planar n-body problem. Jacobi coordinates are used to reduce the two-dimensional n-body problem to an (n − 1)-body problem that incorporates the constant linear momentum and centre-of-mass constraints. For a four-body choreography, we find that a larger time step can be used with our conservative algorithm than with symplectic and conventional integrators.},
	language = {en},
	number = {37},
	urldate = {2024-04-29},
	journal = {Journal of Physics A: Mathematical and General},
	author = {Kotovych, Oksana and Bowman, John C.},
	month = sep,
	year = {2002},
	pages = {7849},
}

@book{alexandre_megiorin_roma_metodos_nodate,
	title = {Métodos para a solução numérica de equações diferenciais ordinárias a valores iniciais},
	language = {pt},
	author = {{Alexandre Megiorin Roma} and {Joyce da Silva Bevilacqua} and {Rudimar Luiz Nós}},
}

@book{lopes_introducao_2013,
	edition = {1ª edição - 1ª reimpressão},
	title = {Introdução à {Mecânica} {Clássica}},
	isbn = {978-85-314-0956-1},
	abstract = {Este livro aborda a mecânica newtoniana, lagrangiana e hamiltoniana do ponto de vista matemático e com uma abordagem elementar. Dirigido a alunos de graduação e pós-graduação em matemática, os conceitos são introduzidos de maneira natural e sempre acompanhados de exemplos que elucidam o assunto em discussão. As definições são matematicamente precisas e buscam apresentar as ideias fundamentais de maneira transparente. Ao final de cada capítulo, vários exercícios são propostos. Trata-se de livro de grande utilidade para uma primeira leitura matematicamente rigorosa da mecânica clássica.},
	language = {Português},
	publisher = {EDUSP},
	author = {Lopes, Artur O.},
	month = may,
	year = {2013},
}

@article{maksimova_abacussummit_2021,
	title = {{AbacusSummit}: a massive set of high-accuracy, high-resolution {N}-body simulations},
	volume = {508},
	issn = {0035-8711},
	shorttitle = {{AbacusSummit}},
	url = {https://doi.org/10.1093/mnras/stab2484},
	doi = {10.1093/mnras/stab2484},
	abstract = {We present the public data release of the AbacusSummit cosmological N-body simulation suite, produced with the Abacus N-body code on the Summit supercomputer of the Oak Ridge Leadership Computing Facility. Abacus achieves \${\textbackslash}mathcal \{O\}(10{\textasciicircum}\{-5\})\$ median fractional force error at superlative speeds, calculating 70M particle updates per second per node at early times, and 45M particle updates per second per node at late times. The simulation suite totals roughly 60 trillion particles, the core of which is a set of 139 simulations with particle mass \$2{\textbackslash}times 10{\textasciicircum}\{9\}{\textbackslash}, h{\textasciicircum}\{-1\}{\textbackslash}, {\textbackslash}mathrm\{M\}\_{\textbackslash}odot\$ in box size \$2{\textbackslash}, h{\textasciicircum}\{-1\}{\textbackslash}, {\textbackslash}mathrm\{Gpc\}\$. The suite spans 97 cosmological models, including Planck 2018, previous flagship simulation cosmologies, and a linear derivative and cosmic emulator grid. A subsuite of 1883 boxes of size \$500{\textbackslash}, h{\textasciicircum}\{-1\}{\textbackslash}, {\textbackslash}mathrm\{Mpc\}\$ is available for covariance estimation. AbacusSummit data products span 33 epochs from z = 8 to 0.1 and include light cones, full particle snapshots, halo catalogues, and particle subsets sampled consistently across redshift. AbacusSummit is the largest high-accuracy cosmological N-body data set produced to date.},
	number = {3},
	urldate = {2024-06-02},
	journal = {Monthly Notices of the Royal Astronomical Society},
	author = {Maksimova, Nina A and Garrison, Lehman H and Eisenstein, Daniel J and Hadzhiyska, Boryana and Bose, Sownak and Satterthwaite, Thomas P},
	month = dec,
	year = {2021},
	pages = {4017--4037},
}

@book{leimkuhler_simulating_2005,
	address = {Cambridge},
	series = {Cambridge {Monographs} on {Applied} and {Computational} {Mathematics}},
	title = {Simulating {Hamiltonian} {Dynamics}},
	isbn = {978-0-521-77290-7},
	url = {https://www.cambridge.org/core/books/simulating-hamiltonian-dynamics/01FD55D833A92D68FBF0E5245CB44420},
	abstract = {Geometric integrators are time-stepping methods, designed such that they exactly satisfy conservation laws, symmetries or symplectic properties of a system of differential equations. In this book the authors outline the principles of geometric integration and demonstrate how they can be applied to provide efficient numerical methods for simulating conservative models. Beginning from basic principles and continuing with discussions regarding the advantageous properties of such schemes, the book introduces methods for the N-body problem, systems with holonomic constraints, and rigid bodies. More advanced topics treated include high-order and variable stepsize methods, schemes for treating problems involving multiple time-scales, and applications to molecular dynamics and partial differential equations. The emphasis is on providing a unified theoretical framework as well as a practical guide for users. The inclusion of examples, background material and exercises enhance the usefulness of the book for self-instruction or as a text for a graduate course on the subject.},
	urldate = {2024-06-05},
	publisher = {Cambridge University Press},
	author = {Leimkuhler, Benedict and Reich, Sebastian},
	year = {2005},
	doi = {10.1017/CBO9780511614118},
}
