@book{Volchan:2007, 
    address   = {Rio de Janeiro}, 
    publisher = {Instituto Nacional de Matemática Pura e Estatística - IMPA}, 
    author    = {Volchan, Sérgio}, 
    year      = {2007}
}
@inbook{Heggie,
  title = {Standardised units and time scales},
  ISBN = {9783540171966},
  url = {http://dx.doi.org/10.1007/BFb0116419},
  DOI = {10.1007/bfb0116419},
  booktitle = {The Use of Supercomputers in Stellar Dynamics},
  publisher = {Springer Berlin Heidelberg},
  author = {Heggie,  D. C. and Mathieu,  R. D.},
  pages = {233–235},
  year = 1986
}

@article{Saari1971,
  title = {Improbability of collisions in Newtonian gravitational systems},
  volume = {162},
  ISSN = {0002-9947},
  url = {http://dx.doi.org/10.1090/s0002-9947-1971-0295648-8},
  DOI = {10.1090/s0002-9947-1971-0295648-8},
  journal = {Transactions of the American Mathematical Society},
  publisher = {American Mathematical Society (AMS)},
  author = {Saari, Donald Gene},
  year = {1971},
  pages = {267–267}
}

@article{Chenciner2000,
  title = {A Remarkable Periodic Solution of the Three-Body Problem in the Case of Equal Masses},
  volume = {152},
  ISSN = {0003-486X},
  url = {http://dx.doi.org/10.2307/2661357},
  DOI = {10.2307/2661357},
  number = {3},
  journal = {The Annals of Mathematics},
  publisher = {JSTOR},
  author = {Chenciner,  Alain and Montgomery,  Richard},
  year = {2000},
  month = nov,
  pages = {881}
}

@article{Lecar1968,
  author = {M. Lecar},
  title = {Bull.Astr. 3, 91 in: Colloque sur le problème gravitationnel des N corps},
  journal = {Bulletin d'Astronomie},
  year = {1968},
  volume = {3},
  pages = {91},
}

@article{Marchal1976,
  title = {On the final evolution of the n-body problem},
  volume = {20},
  ISSN = {0022-0396},
  url = {http://dx.doi.org/10.1016/0022-0396(76)90101-7},
  DOI = {10.1016/0022-0396(76)90101-7},
  number = {1},
  journal = {Journal of Differential Equations},
  publisher = {Elsevier BV},
  author = {Marchal,  Christian and Saari,  Donald Gene},
  year = {1976},
  month = jan,
  pages = {150–186}
}

@article{Ossendrijver2016,
  title = {Ancient Babylonian astronomers calculated Jupiter’s position from the area under a time-velocity graph},
  volume = {351},
  ISSN = {1095-9203},
  url = {http://dx.doi.org/10.1126/science.aad8085},
  DOI = {10.1126/science.aad8085},
  number = {6272},
  journal = {Science},
  publisher = {American Association for the Advancement of Science (AAAS)},
  author = {Ossendrijver,  Mathieu},
  year = {2016},
  month = jan,
  pages = {482–484}
}