@inbook{Barbour2014_kepler_mach,
  title = {Kepler and Mach’s Principle},
  ISBN = {9783319063492},
  DOI = {10.1007/978-3-319-06349-2_1},
  booktitle = {General Relativity,  Cosmology and Astrophysics},
  publisher = {Springer International Publishing},
  author = {Barbour,  Julian},
  year = {2014},
  pages = {3–32}
}

@inbook{Barbour2012_sd_introduction,
  title = {Shape Dynamics: An Introduction},
  ISBN = {9783034800433},
  DOI = {10.1007/978-3-0348-0043-3_13},
  booktitle = {Quantum Field Theory and Gravity},
  publisher = {Springer Basel},
  author = {Barbour,  Julian},
  year = {2012},
  pages = {257–297}
}

@book{Assis:1998,
    author    = "André Koch Torres Assis",
    title     = "Mecânica Relacional",
    publisher = "Centro de Lógica, Epistemologia e História da Ciência - Unicamp",
    year      = "1998",
    volume    = "22",
    series    = "CLE",
    address   = "Campinas",
    edition   = "1ed",
}

@book{Einstein:1981,
    author    = "Albert Einstein",
    title     = "Como Vejo o Mundo",
    publisher = "Nova Fronteira",
    year      = "1981",
    address   = "Rio de Janeiro",
    edition   = "1ed",
}

@article{Barbour2014_identification,
  title = {Identification of a Gravitational Arrow of Time},
  volume = {113},
  ISSN = {1079-7114},
  DOI = {10.1103/physrevlett.113.181101},
  number = {18},
  journal = {Physical Review Letters},
  publisher = {American Physical Society (APS)},
  author = {Barbour,  Julian and Koslowski,  Tim and Mercati,  Flavio},
  year = {2014},
  month = oct 
}

@article{Barbour2013_scaleanomaly,
  title = {Scale anomaly as the origin of time},
  volume = {45},
  ISSN = {1572-9532},
  DOI = {10.1007/s10714-013-1516-y},
  number = {5},
  journal = {General Relativity and Gravitation},
  publisher = {Springer Science and Business Media LLC},
  author = {Barbour,  Julian and Lostaglio,  Matteo and Mercati,  Flavio},
  year = {2013},
  month = apr,
  pages = {911–938}
}

@misc{barbour2013_gravitationaloriginarrowstime,
      title={A Gravitational Origin of the Arrows of Time}, 
      author={Julian Barbour and Tim Koslowski and Flavio Mercati},
      year={2013},
      eprint={1310.5167},
      archivePrefix={arXiv},
      primaryClass={gr-qc},
      url={https://arxiv.org/abs/1310.5167}, 
}

@article{Barbour2014_solution,
  title = {The solution to the problem of time in shape dynamics},
  volume = {31},
  ISSN = {1361-6382},
  DOI = {10.1088/0264-9381/31/15/155001},
  number = {15},
  journal = {Classical and Quantum Gravity},
  publisher = {IOP Publishing},
  author = {Barbour,  Julian and Koslowski,  Tim and Mercati,  Flavio},
  year = {2014},
  month = jul,
  pages = {155001}
}

@article{Barbour2003_scale_invariant_gravity,
  title = {Scale-invariant gravity: particle dynamics},
  volume = {20},
  ISSN = {1361-6382},
  url = {http://dx.doi.org/10.1088/0264-9381/20/8/310},
  DOI = {10.1088/0264-9381/20/8/310},
  number = {8},
  journal = {Classical and Quantum Gravity},
  publisher = {IOP Publishing},
  author = {Barbour,  Julian},
  year = {2003},
  month = mar,
  pages = {1543–1570}
}